% This file was created with JabRef 2.6.
% Encoding: UTF-8

@STRING{add:cambridge = {Cambridge, USA}}

@STRING{add:newyork = {New~York}}

@STRING{add:poa = {Porto~Alegre}}

@STRING{add:reading = {Reading, USA}}

@STRING{add:redwood = {Redwood~City, USA}}

@STRING{add:sjc = {S{\~a}o Jos{\'e} dos Campos}}

@STRING{add:uppersr = {Upper Saddle River}}

@STRING{org:ieee = {Institute of Electrical and Electronic Engineers}}

@STRING{org:IEEE = {{INSTITUTE OF ELECTRICAL AND ELECTRONIC ENGINEERS}}}

@STRING{org:ieee-abbrv = {IEEE}}

@STRING{pub:acm = {ACM~Press}}

@STRING{pub:aw = {Addison-Wesley}}

@STRING{pub:bc = {Benjamin/Cummings}}

@STRING{pub:mgh = {McGraw-Hill}}

@STRING{pub:mit = {MIT~Press}}

@STRING{pub:ptr = {Prentice Hall PTR}}

@STRING{pub:sbc = {SBC}}

@STRING{pub:springer = {Springer}}

@STRING{sch:ita = {Instituto Tecnol{\'o}gico de Aeron{\'a}utica}}

@ARTICLE{aggarwal1995review,
  author = {Aggarwal, SK and Peng, F.},
  title = {A review of droplet dynamics and vaporization modeling for engineering
	calculations},
  journal = {Journal of engineering for gas turbines and power},
  year = {1995},
  volume = {117},
  number = {CONF-940626--}
}

@TECHREPORT{kiva,
  author = {Amsden, AA and O'Rouke, PJ and Butler, TD},
  title = {KIVA-II: A Computer Program for Chemically Reactive Flows with Sprays},
  year = {1989},
  address = {Los Alamos National Laboratory},
  publisher = {Los Alamos National Laboratory}
}

@ARTICLE{moin,
  author = {Apte, S.V. and Mahesh, K. and Moin, P.},
  title = {Large-eddy simulation of evaporating spray in a coaxial combustor},
  journal = {Proceedings of the Combustion Institute},
  year = {2009},
  volume = {32},
  pages = {2247--2256},
  number = {2},
  publisher = {Elsevier}
}

@ARTICLE{balachandar2010turbulent,
  author = {Balachandar, S. and Eaton, J.K.},
  title = {Turbulent dispersed multiphase flow},
  journal = {Annual Review of Fluid Mechanics},
  year = {2010},
  volume = {42},
  pages = {111--133},
  publisher = {Annual Reviews}
}

@BOOK{batchelor2000introduction,
  title = {{An introduction to fluid dynamics}},
  publisher = {Cambridge Univ Pr},
  year = {2000},
  author = {Batchelor, G.K.},
  address = {Cambridge}
}

@BOOK{baumgarten2006mixture,
  title = {Mixture formation in internal combustion engines},
  publisher = {Springer Verlag},
  year = {2006},
  author = {Baumgarten, C.},
  address = {Hannover}
}

@ARTICLE{bini,
  author = {Bini, M. and Jones, WP},
  title = {Large Eddy Simulation of an evaporating acetone spray},
  journal = {International Journal of Heat and Fluid Flow},
  year = {2009},
  volume = {30},
  pages = {471--480},
  number = {3},
  publisher = {Elsevier}
}

@BOOK{brennen2005fundamentals,
  title = {Fundamentals of multiphase flow},
  publisher = {Cambridge Univ Pr},
  year = {2005},
  author = {Brennen, C.E.}
}

@ARTICLE{chen,
  author = {Chen, Y.C. and St{\aa}rner, S.H. and Masri, A.R.},
  title = {A detailed experimental investigation of well-defined, turbulent
	evaporating spray jets of acetone},
  journal = {International journal of multiphase flow},
  year = {2006},
  volume = {32},
  pages = {389--412},
  number = {4},
  publisher = {Elsevier}
}

@ARTICLE{crowe1988particle,
  author = {Crowe, CT and Chung, JN and Troutt, TR},
  title = {Particle mixing in free shear flows},
  journal = {Progress in energy and combustion science},
  year = {1988},
  volume = {14},
  pages = {171--194},
  number = {3},
  publisher = {Elsevier}
}

@ARTICLE{santanu,
  author = {De, S. and Lakshmisha, KN and Bilger, R.W.},
  title = {Modeling of nonreacting and reacting turbulent spray jets using a
	fully stochastic separated flow approach},
  journal = {Combustion and Flame},
  year = {2011},
  volume = {158},
  pages = {1992--2008},
  publisher = {Elsevier}
}

@ARTICLE{favre1969statistical,
  author = {Favre, A.},
  title = {Statistical equations of turbulent gases},
  journal = {Problems of hydrodynamics and continuum mechanics},
  year = {1969},
  pages = {231--266},
  publisher = {Society of Industrial and Applied Mathematics, Philadelphia}
}

@BOOK{ferziger,
  title = {Computational methods for fluid dynamics},
  publisher = {Springer Berlin},
  year = {1999},
  author = {Ferziger, J.H. and Peri{\'c}, M.},
  volume = {2}
}

@ARTICLE{issa,
  author = {Issa, RI},
  title = {Solution of the implicitly discretised fluid flow equations by operator-splitting},
  journal = {Journal of Computational physics},
  year = {1986},
  volume = {62},
  pages = {40--65},
  number = {1},
  publisher = {Elsevier}
}

@PHDTHESIS{jasak,
  author = {Jasak, H.},
  title = {Error analysis and estimation for the finite volume method with applications
	to fluid flows},
  school = {Imperial College},
  year = {1996},
  address = {London},
  month = {June}
}

@ARTICLE{launder1974application,
  author = {Launder, BE and Sharma, BI},
  title = {Application of the energy-dissipation model of turbulence to the
	calculation of flow near a spinning disc},
  journal = {Letters Heat Mass Transfer},
  year = {1974},
  volume = {1},
  pages = {131--137}
}

@BOOK{liu2000science,
  title = {Science and engineering of droplets: fundamentals and applications},
  publisher = {William Andrew},
  year = {2000},
  author = {Liu, H.}
}

@PHDTHESIS{luppes,
  author = {Luppes, R.R.},
  title = {The numerical simulation of turbulent jets and diffusion flames},
  school = {Technische Universiteit Eindhoven},
  year = {2000},
  address = {Eindhoven},
  publisher = {Technische Universiteit Eindhoven}
}

@ARTICLE{macpherson2009particle,
  author = {Macpherson, G.B. and Nordin, N. and Weller, H.G.},
  title = {Particle tracking in unstructured, arbitrary polyhedral meshes for
	use in CFD and molecular dynamics},
  journal = {Communications in Numerical Methods in Engineering},
  year = {2009},
  volume = {25},
  pages = {263--273},
  number = {3},
  publisher = {Wiley Online Library}
}

@ARTICLE{majda,
  author = {Majda, A. and Sethian, J.},
  title = {The derivation and numerical solution of the equations for zero Mach
	number combustion},
  journal = {Combustion science and technology},
  year = {1985},
  volume = {42},
  pages = {185-205},
  number = {3}
}

@ARTICLE{muller1999low,
  author = {Muller, B.},
  title = {{Low Mach number asymptotics of the Navier-Stokes equations and numerical
	implications}},
  journal = {Lecture series - van Kareman Institute for fluid dynamics},
  year = {1999},
  volume = {3},
  pages = {E1--E51}
}

@PHDTHESIS{nordin,
  author = {Nordin, PA},
  title = {Complex chemistry modeling of diesel spray combustion},
  school = {Chalmers University of Technology},
  year = {2001},
  address = {Goteborg},
  publisher = {Chalmers University of Technology,}
}

@ARTICLE{rourke,
  author = {O'Rourke, P.J.},
  title = {Statistical properties and numerical implementation of a model for
	droplet dispersion in a turbulent gas* 1},
  journal = {Journal of Computational Physics},
  year = {1989},
  volume = {83},
  pages = {345--360},
  number = {2},
  publisher = {Elsevier}
}

@BOOK{foamDev,
  title = {OpenFOAM's Programmers Guide},
  publisher = {OpenCFD Limited},
  year = {2008},
  author = {OpenCFD},
  address = {London},
  organization = {OpenCFD}
}

@BOOK{poinsot2005theoretical,
  title = {{Theoretical and numerical combustion}},
  publisher = {RT Edwards, Inc.},
  year = {2005},
  author = {Poinsot, T. and Veynante, D.}
}

@BOOK{pope2000turbulent,
  title = {Turbulent flows},
  publisher = {Cambridge Univ Pr},
  year = {2000},
  author = {Pope, S.B.}
}

@ARTICLE{ranzmarshall,
  author = {Ranz, WE and Marshall, WR},
  title = {Evaporation from droplets: parts I and II},
  journal = {Chem. Eng. Prog},
  year = {1952},
  volume = {48},
  pages = {141--146}
}

@INPROCEEDINGS{reveillon,
  author = {Reveillon, J. and Vervisch, L.},
  title = {Accounting for spray vaporization in turbulent combustion modeling},
  booktitle = {Proceedings of the Summer Program},
  year = {1998},
  pages = {25--38}
}

@ARTICLE{sirignano,
  author = {Sirignano, W.A. and Edwards, C.F.},
  title = {Fluid dynamics and transport of droplets and sprays},
  journal = {Journal of Fluids Engineering},
  year = {2000},
  volume = {122},
  pages = {189}
}

@BOOK{vonkarman,
  title = {Theoretical and Experimental Modelling of. Particulate Flows. },
  publisher = {Von Karman Institute for Fluid Dynamics.},
  year = {2000},
  author = {M. Sommerfeld}
}

@TECHREPORT{viozat1997implicit,
  author = {Viozat, C{\'e}cile},
  title = {{Implicit Upwind Schemes for Low Mach Number Compressible Flows}},
  institution = {INRIA},
  year = {1997},
  number = {RR-3084},
  address = {SINUS - INRIA Sophia Antipolis - INRIA},
  month = Jan,
  affiliation = {SINUS - INRIA Sophia Antipolis - INRIA},
  hal_id = {inria-00073607},
  language = {Anglais}
}

@TECHREPORT{naca,
  author = {Wakil, MM and Uyehara, OA and Myers, PS},
  title = {A theoretical investigation of the heating-up period of injected
	fuel droplets vaporizing in air},
  institution = {Wiscosin Univ-Madison},
  year = {1954},
  address = {Wiscosin Univ-Madison},
  month = {May},
  publisher = {WISCONSIN UNIV-MADISON}
}

@ARTICLE{weller,
  author = {Weller, H.G. and Tabor, G. and Jasak, H. and Fureby, C.},
  title = {A tensorial approach to computational continuum mechanics using object-oriented
	techniques},
  journal = {Computers in physics},
  year = {1998},
  volume = {12},
  pages = {620}
}

@ARTICLE{wilcox,
  author = {Wilcox, D.C.},
  title = {Turbulence modeling for CFD},
  journal = {La Canada, CA: DCW Industries, Inc, 1993.},
  year = {1993}
}
