@article{blackoil,
  title={Mathematical structure of the black-oil model for petroleum reservoir simulation},
  author={Trangenstein, J.A. and Bell, J.B.},
  journal={SIAM Journal on Applied Mathematics},
  pages={749--783},
  year={1989},
  publisher={JSTOR}
}

@article{hilfer1,
  title = {Macroscopic equations of motion for two-phase flow in porous media},
  author = {Hilfer, R.},
  journal = {Phys. Rev. E},
  volume = {58},
  issue = {2},
  pages = {2090--2096},
  year = {1998},
  month = {Aug},
  doi = {10.1103/PhysRevE.58.2090},
  url = {http://link.aps.org/doi/10.1103/PhysRevE.58.2090},
  publisher = {American Physical Society}
}

@article{schilthuis1936active,
  title={Active oil and reservoir energy},
  author={Schilthuis, R.J.},
  journal={Trans. AIME},
  volume={118},
  pages={33},
  year={1936}
}

@book{aziz1979petroleum,
  title={Petroleum reservoir simulation},
  author={Aziz, K. and Settari, A.},
  volume={476},
  year={1979},
  publisher={Applied Science Publishers London}
}

@book{ertekin2001basic,
  title={Basic applied reservoir simulation},
  author={Ertekin, T. and Abou-Kassem, J.H. and King, G.R.},
  year={2001},
  publisher={Richardson, TX: Society of Petroleum Engineers}
}

@book{danesh1998pvt,
  title={PVT and phase behaviour of petroleum reservoir fluids},
  author={Danesh, A.},
  volume={47},
  year={1998},
  publisher={Elsevier Science}
}

@book{firoozabadi1999thermodynamics,
  title={Thermodynamics of hydrocarbon reservoirs},
  author={Firoozabadi, A.},
  volume={2},
  year={1999},
  publisher={McGraw-Hill New York}
}

@inproceedings{kim2011rigorous,
  title={Rigorous coupling of geomechanics and multiphase flow with strong capillarity},
  author={Kim, J. and Tchelepi, H. and Juanes, R.},
  booktitle={SPE Reservoir Simulation Symposium},
  year={2011}
}

@article{ismael1996shocks,
  title={Shocks and bifurcations in black-oil models},
  author={Ismael, H.},
  journal={SPE Journal},
  volume={1},
  number={1},
  pages={51--58},
  year={1996},
  publisher={Society of Petroleum Engineers}
}

@article{herrera1997consistent,
  title={A consistent approach to variable bubble-point systems},
  author={Herrera, I. and Camacho, R.G.},
  journal={Numerical Methods for Partial Differential Equations},
  volume={13},
  number={1},
  pages={1--18},
  year={1997}
}

@article{ismael1996shocks,
  title={Shocks and bifurcations in black-oil models},
  author={Ismael, H.},
  journal={SPE Journal},
  volume={1},
  number={1},
  pages={51--58},
  year={1996},
  publisher={Society of Petroleum Engineers}
}

@book{hamming1987numerical,
  title={Numerical methods for scientists and engineers},
  author={Hamming, R.},
  year={1987},
  publisher={Dover Publications}
}

@article{trangenstein1989mathematical,
  title={Mathematical structure of compositional reservoir simulation},
  author={Trangenstein, J.A. and Bell, J.B.},
  journal={SIAM journal on scientific and statistical computing},
  volume={10},
  number={5},
  pages={817--845},
  year={1989},
  publisher={SIAM}
}

@article{allen1988multiphase,
  title={Multiphase flow in porous media},
  author={Allen III, M.B. and Behie, A. and Trangenstein, J.A.},
  year={1988},
  publisher={Springer-Verlag New York Inc., New York, NY}
}

@article{thomas1976reservoir,
  title={Reservoir simulation of variable bubble-point problems},
  author={Thomas, LK and Lumpkin, WB and Reheis, GM},
  journal={Old SPE Journal},
  volume={16},
  number={1},
  pages={10--16},
  year={1976},
  publisher={Society of Petroleum Engineers}
}

@inproceedings{steffensen1973reservoir,
  title={Reservoir Simulation of a Collapsing Gas Saturation Requiring Areal Variation in Bubble-Point Pressure},
  author={Steffensen, RJ and Sheffield, M.},
  booktitle={SPE Symposium on Numerical Simulation of Reservoir Performance},
  year={1973}
}

@inproceedings{utseth1981numerical,
  title={Numerical simulation of gas injection in oil reservoirs},
  author={Utseth, R. and MacDonald, R.},
  booktitle={SPE Annual Technical Conference and Exhibition},
  year={1981}
}

@inproceedings{udell1982thermodynamics,
  title={The thermodynamics of evaporation and condensation in porous media},
  author={Udell, K.},
  booktitle={SPE California Regional Meeting},
  year={1982}
}

@book{bedrikovetsky1993,
  title={Mathematical theory of oil and gas recovery: with applications to ex-USSR oil and gas fields},
  author={Bedrikovetsky, Pavel},
  volume={4},
  year={1993},
  publisher={Springer}
}

@article{sammon1984gas,
  title={Gas phase appearance and disappearance in fully implicit black oil simulation},
  author={Sammon, PH},
  journal={Old SPE Journal},
  volume={24},
  number={5},
  pages={505--507},
  year={1984},
  publisher={Society of Petroleum Engineers}
}

@Misc{scipy,
  author =    {Eric Jones and Travis Oliphant and Pearu Peterson and others},
  title =     {{SciPy}: Open source scientific tools for {Python}},
  year =      {2001--},
  url = "http://www.scipy.org/"
}